@article{hiransha2018,
  author    = {Hiransha, M. and Gopalakrishnan, E.A. and Menon, V.K. and Soman, K.P.},
  title     = {NSE Stock Market Prediction Using Deep-Learning Models},
  journal   = {Procedia Computer Science},
  volume    = {132},
  pages     = {1351--1362},
  year      = {2018}
}

@article{rather2015,
  author    = {Rather, A.M. and Agarwal, A. and Sastry, V.N.},
  title     = {Recurrent neural network and a hybrid model for prediction of stock returns},
  journal   = {Expert Systems with Applications},
  volume    = {42},
  number    = {6},
  pages     = {3234--3241},
  year      = {2015}
}
